<?xml version="1.0" encoding="UTF-8"?><collection xmlns="http://www.loc.gov/MARC21/slim"><record><leader>00393nam--2200133-i-4500</leader><controlfield tag="001">000045761</controlfield><controlfield tag="002">20161230</controlfield><controlfield tag="005">20161230201045</controlfield><controlfield tag="008">060222s1000------------r-----000-0-eng-d</controlfield><datafield ind1=" " ind2=" " tag="080"><subfield code="a">62-762</subfield></datafield><datafield ind1=" " ind2=" " tag="100"><subfield code="a">Trutnovsky,Karl</subfield></datafield><datafield ind1=" " ind2=" " tag="245"><subfield code="a">Beruhrungsfreie dichtungen. grundlagen und anwendungen der stromung durch spalte und labyrinthe</subfield></datafield><datafield ind1=" " ind2=" " tag="260"><subfield code="a">Dusseldorf, Vdi-verlag, 1964. Xv+300 P</subfield></datafield><datafield ind1=" " ind2=" " tag="852"><subfield code="a">24057</subfield></datafield></record></collection>